% book
% Required fields: author or editor, title, publisher, year. 
% Optional fields: volume or number, series, address, edition, month, note.
@book{coulouris,
  author = {Coulouris  G.  F.,  Dollimore J. e  Kindberg T},
  title = {Distributed Systems: concepts and Design},
  publisher = {Addison-Wesley},
  year = {1994},
  edition = "second edition"

}

% article
% Required fields: author, title, journal, year. 
% Optional fields: volume, number, pages, month, note.
@article{donoho,
  author = {Donoho D. L.},
  title = {Compressed Sensing},
  journal = {IEEE Trans. Inf. Theory},
  volume = {52},
  number = {4},
  pages = {1289-1306},
  year = {2006}
}

@article{Montresor_Permissionless,
  author    = {Pedro Garc{\'{\i}}a L{\'{o}}pez,
               Alberto Montresor,
               Anwitaman Datta},
  title     = {Please, do not decentralize the Internet with (permissionless) blockchains!},
  journal   = {CoRR},
  volume    = {abs/1904.13093},
  year      = {2019},
  url       = {http://arxiv.org/abs/1904.13093},
  archivePrefix = {arXiv},
  eprint    = {1904.13093},
  timestamp = {Thu, 02 May 2019 15:13:44 +0200},
  biburl    = {https://dblp.org/rec/bib/journals/corr/abs-1904-13093},
  bibsource = {dblp computer science bibliography, https://dblp.org}
}

@article{bitcoin
    author = {S. Nakamoto},
    title = {Bitcoin: A Peer-to-Peer Electronic Cash System},
    year = {2008}
}



% conference
% same as inproceedings
% Required fields: author, title, booktitle, year. 
% Optional fields: editor, volume or number, series, pages, address, month, organization, publisher, note
@conference{dalal,
  author = {Dalal N., Triggs B.},
  title = {Histograms of Oriented Gradients for Human Detection},
  booktitle = {Computer Vision and Pattern Recognition (CVPR)},
  address = {San Diego, USA},
  year = {2005},
  month = {20-26 June},
  pages = {886-893}
}

% website
% as misc
% Required fields: none. 
% Optional fields: author, title, howpublished, month, year, note.
@misc{ictbusiness,
  title = {ICT business},
  howpublished = {http://www.ictbusiness.it/},
  note = {ultimo accesso 15/06/2015}
}



